Core module texts

@book{Searcoid:2007,
    title = {Metric Spaces},
    author = {O'Searcoid, M{\' i}che{\'a}l},
    year = {2007},
    publisher = {Springer},
    location = {London, United Kingdom},
    isbn = {978-1-846283697},
    series = {Springer Undergraduate Mathematics Series},
    note = {\textbf{Core module text}}
}

@book{Shirali:2006,
    title = {Metric Spaces},
    author = {Shirali, Satish and Vasudeva, Harkrishan Lal},
    year = {2006},
    publisher = {Springer},
    location = {London, United Kingdom},
    isbn = {978-1-852339227},
    note = {\textbf{Core module text}}
}

For-interest-only articles

@article{Hutchinson:1987,
    issn = {0022-2518, 1943-5258},
    author = {Hutchinson, John},
    journal = {Indiana University Mathematics Journal},
    number = {5},
    pages = {713--747},
    publisher = {Indiana University Mathematics Department},
    title = {Fractals and Self Similarity},
    volume = {30},
    year = {1981},
    url = {https://www.jstor.org/stable/24893080},
    note = {\textbf{For interest only}}
}

@article{Beer:2013,
    author = {Beer, Gerald},
    issn = {1877-0541},
    title = {The Structure of Extended Real-Valued Metric Spaces},
    journal = {Set-Valued and Variational Analysis},
    pages = {591--602},
    year = {2013},
    volume = {21},
    doi = {10.1007/s11228-013-0255-2},
    publisher = {Springer},
    note = {\textbf{For interest only}}
}

@article{Kopperman:1988,
    issn = {0002-9890, 1930-0972},
    author = {Kopperman, Ralph},
    journal = {The American Mathematical Monthly},
    number = {2},
    pages = {89--97},
    publisher = {Mathematical Association of America},
    title = {All Topologies Come From Generalized Metrics},
    volume = {95},  
    year = {1988},
    url = {https://www.jstor.org/stable/2323060},
    note = {\textbf{For interest only}}
}

